%%%%%%%%%%%%%%%%%%%%%%%%%%%%%%%%%%%%%%%%%%%%%%%%%%%%%%%%%%%%%%%%%%%%%%%%%
% Typy bibliografii:
%  - artykuł z czasopisma,
%  - artykuł z konferencji,
%  - materiały konferencyjne,
%  - książka,
%  - fragment książki,
%  - książka z serii,
%  - krótka broszura,
%  - praca magisterska,
%  - praca doktorska,
%  - instrukcja obsługi,
%  - raport techniczny,
%  - materiały nieopublikowane,
%  - inne typy materiałów źródłowych.
% Więcej informacji na stronie https://www.bibtex.com/
%%%%%%%%%%%%%%%%%%%%%%%%%%%%%%%%%%%%%%%%%%%%%%%%%%%%%%%%%%%%%%%%%%%%%%%%%

@book{halstead1977elements,
  title={Elements of Software Science},
  author={Halstead, M.H.},
  isbn={9780444002051},
  year={1977},
  publisher={Elsevier}
}

@inproceedings{Schwaber2012TheSG,
  title={The Scrum Guide},
  author={Ken Schwaber and Jeff Sutherland},
  year={2012},
}

@unpublished{StoryPointsRevisited,
  author    = {Ron Jeffries},
  note    = {\url{https://ronjeffries.com/articles/019-01ff/story-points/Index.html}, dostęp uzyskano 2024-04-20},
  title     = {Story Points Revisited},
}

@unpublished{ScrumMetricsSealights,
  author = {Sealights},
  note   = {\url{https://www.sealights.io/software-development-metrics/11-scrum-metrics-and-their-value-to-scrum-teams/}, dostęp uzyskano 2024-04-20},
  title  = {11 Scrum Metrics and Their Value to Scrum Teams},
}

@unpublished{ScrumMetricsAtlassian,
  author = {Atlassian},
  note   = {\url{https://www.atlassian.com/agile/scrum/scrum-metrics}, dostęp uzyskano 2024-04-20},
  title  = {Scrum Metrics 101},
}

@manual{JiraApiDocumentation,
  author       = {Atlassian},
  title        = {The Jira Cloud Platform REST API},
  note         = {\url{https://developer.atlassian.com/cloud/jira/platform/rest/v2/intro/}, dostęp uzyskano 2023-05-29},
}

@manual{YouTrackApiDocumentation,
  author       = {JetBrains},
  title        = {REST API Reference - Help | Developer Portal for YouTrack and Hub},
  note         = {\url{https://www.jetbrains.com/help/youtrack/devportal/rest-api-reference.html}, dostęp uzyskano 2023-05-29},
}

@manual{JiraImportDocumentation,
  author       = {Atlassian},
  title        = {Importing and exporting data | Administering Jira applications Data Center 9.15 | Atlassian Documentation},
  note         = {\url{https://confluence.atlassian.com/adminjiraserver/importing-and-exporting-data-938847531.html}, dostęp uzyskano 2023-11-23},
}

@manual{YouTrackImportDocumentation,
  author       = {JetBrains},
  title        = {Imports | YouTrack Server Documentation},
  note         = {\url{https://www.jetbrains.com/help/youtrack/server/imports.html}, dostęp uzyskano 2023-11-23},
}

@manual{RustDerive,
  author       = {{Rust Foundation}},
  title        = {Derive - The Rust Reference},
  note         = {\url{https://doc.rust-lang.org/reference/attributes/derive.html}, dostęp uzyskano 2024-04-21},
}

@phdthesis{RoyTFieldingRest,
  author      = {Roy T. Fielding},
  school      = {University of California},
  title       = {Architectural styles and the design of network-based software architectures},
  year        = {2000}
}

@manual{UnixProgrammersManual,
  author       = {{Bell Labs}},
  title        = {Unix Programmer's Manual},
  note         = {\url{https://www.bell-labs.com/usr/dmr/www/1stEdman.html}, dostęp uzyskano 2024-04-22},
}

@manual{YouTrackSearch,
  author       = {JetBrains},
  title        = {Search | YouTrack Server Documentation},
  note         = {\url{https://www.jetbrains.com/help/youtrack/server/search-for-issues.html}, dostęp uzyskano 2024-04-22},
}

@manual{JiraJQL,
  author       = {Atlassian},
  title        = {Use advanced search with Jira Query Language (JQL)},
  note         = {\url{https://support.atlassian.com/jira-service-management-cloud/docs/use-advanced-search-with-jira-query-language-jql/}, dostęp uzyskano 2024-04-23},
}

@manual{JiraImportExport,
  author       = {Atlassian},
  title        = {Import and export your data to and from Jira Cloud},
  note         = {\url{https://support.atlassian.com/jira-cloud-administration/docs/import-and-export-your-data-to-and-from-jira-cloud/}, dostęp uzyskano 2024-04-23},
}

@manual{RustSerde,
  author       = {{Rust Foundation}},
  title        = {serde - Rust},
  note         = {\url{https://docs.rs/serde/latest/serde/}, dostęp uzyskano 2024-04-24},
}

@manual{RustClap,
  author       = {{Rust Foundation}},
  title        = {clap - Rust},
  note         = {\url{https://docs.rs/clap/latest/clap/}, dostęp uzyskano 2024-04-24},
}

@article{ComplexityMeasure,
  author={McCabe, T.J.},
  journal={IEEE Transactions on Software Engineering}, 
  title={A Complexity Measure}, 
  year={1976},
  volume={SE-2},
  number={4},
  doi={10.1109/TSE.1976.233837}
}

@techreport{CognitiveComplexity,
  author      = {G. Ann Campbell},
  institution = {Sonar},
  title       = {Cognitive complexity - a new way of measuring understandability},
  year        = {2023}
}

@book{CocomoBoehm,
  title={Software engineering economics},
  author={Barry W. Boehm},
  isbn={0138221227},
  year={1981},
  publisher={Prentice Hall}
}

@book{CocomoBoehm,
  title={Software Cost Estimation with COCOMO II},
  author={Barry W. Boehm},
  isbn={0130266922},
  year={1997},
  publisher={Prentice Hall}
}

%%%%%%%%%%%%%%%%%%%%%%%%%%%%%%%%%%%%%%%%%%%%%%%%%%%%%%%%%%%%%%%%%%%%%%%%%
% Artykuły naukowe z czasopism i konferencji
%%%%%%%%%%%%%%%%%%%%%%%%%%%%%%%%%%%%%%%%%%%%%%%%%%%%%%%%%%%%%%%%%%%%%%%%%
% Article - artykuł z czasopisma.
% Wymagane pola: author, title, journal, year.
% Opcjonalne pola: volume, number, pages, month, note.
@Article{maxwell1865,
    author  = {James Clerk Maxwell},
    title   = {A Dynamical Theory of the Electromagnetic Field},
    journal = {Philosophical Transactions of the Royal Society},
    year    = {1865},
    number  = {155},
    pages   = {459-512},
    month   = {1},
    note    = {\href{https://royalsocietypublishing.org/doi/pdf/10.1098/rstl.1865.0008}{<https://royalsocietypublishing.org/doi/pdf/10.1098/rstl.1865.0008>} dostęp uzyskano 2020-12-03},
}

%%%%%%%%%%%%%%%%%%%%%%%%%%%%%%%%%%%%%%%%%%%%%%%%%%%%%%%%%%%%%%%%%%%%%%%%%
% InProceedings - artykuły z konferencji
% Wymagane pola: author or editor, title, publisher, year.
% Opcjonalne pola: volume or number, series, address, edition, month, note.
@inproceedings{cichon1995,
    author  = {D. J. {Cichon} and W. {Wiesbeck}},
    title   = {The Heinrich Hertz wireless experiments at Karlsruhe in the view of modern communication},
    publisher   = {Institution of Engineering and Technology},
    year        = {1995},
}

%%%%%%%%%%%%%%%%%%%%%%%%%%%%%%%%%%%%%%%%%%%%%%%%%%%%%%%%%%%%%%%%%%%%%%%%%
% Proceedings - publikacja pokonferencyjna, zbiór artykułów z jednej konferencji
% Wymagane pola: title, year.
% Opcjonalne pola: editor, volume or number, series, address, publisher, note, month, organization.
@proceedings{cpee2018,
    title   = {19th International Conference Computational Problems of Electrical Engineering},
    year    = {2018},
    note    = {doi: \href{https://doi.org/10.1109/CPEE44871.2018}{10.1109/CPEE44871.2018}},
}

%%%%%%%%%%%%%%%%%%%%%%%%%%%%%%%%%%%%%%%%%%%%%%%%%%%%%%%%%%%%%%%%%%%%%%%%%
% Materiały książkowe
%%%%%%%%%%%%%%%%%%%%%%%%%%%%%%%%%%%%%%%%%%%%%%%%%%%%%%%%%%%%%%%%%%%%%%%%%
% Book - książka mająca wydawcę.
% Wymagane pola: author or editor, title, publisher, year.
% Opcjonalne pola: volume or number, series, address, edition, month, note.
@book{fowler2009,
    author    = {Kim Fowler},
    title     = {Mission-Critical and Safety-Critical Systems Handbook: Design and Development for Embedded Applications},
    publisher = {Newnes},
    year      = {2009},
    ISBN      = {978-0750685672},
}

%%%%%%%%%%%%%%%%%%%%%%%%%%%%%%%%%%%%%%%%%%%%%%%%%%%%%%%%%%%%%%%%%%%%%%%%%
% Inbook - część książki, na przykład rozdział i/lub zakres stron.
% Wymagane pola: author lub editor, title, chapter i/lub pages, publisher, year.
% Opcjonalne pola: volume or number, series, type, address, edition, month, note.
@inbook{leksinski1995,
  chapter   = {1-2},
  pages     = {9-232},
  title     = {Matematyka},
  publisher = {Wydawnictwa Naukowo-Techniczne},
  year      = {1995},
  author    = {Wojciech Żakowski and Wacław Leksiński},
}

%%%%%%%%%%%%%%%%%%%%%%%%%%%%%%%%%%%%%%%%%%%%%%%%%%%%%%%%%%%%%%%%%%%%%%%%%
% Incollection - część książki mająca własny tytuł, również książka z serii.
% Wymagane pola: author, title, booktitle, publisher, year.
% Opcjonalne pola: editor, volume or number, series, type, chapter, pages, address, edition, month, note.
@incollection{lncsevo,
  author    = {Gyu Myoung Lee and Noel Crespi and Jun Kyun Choi and Matthieu Boussard},
  title     = {Internet of Things},
  booktitle = {Evolution of Telecommunication Services},
  series    = {Lecture Notes in Computer Science},
  publisher = {Springer-Verlag Berlin Heidelberg},
  year      = {2013},
  editor    = {Emmanuel Bertin and Noel Crespi and Thomas Magedanz},
  volume    = {7768},
  isbn      = {978-3642415685},
}

%%%%%%%%%%%%%%%%%%%%%%%%%%%%%%%%%%%%%%%%%%%%%%%%%%%%%%%%%%%%%%%%%%%%%%%%%
% Booklet - praca, która została wydrukowana i oprawiona ale nie mająca wydawcy lub stojącej za nią instytucji, broszurka mająca 4-48 stron
% Wymagane pola: title.
% Opcjonalne pola: author, howpublished, address, month, year, note.
@booklet{giglio,
  author = {Pierluigi Giglio},
  title  = {Postmodernism and Plagiarism},
}

%%%%%%%%%%%%%%%%%%%%%%%%%%%%%%%%%%%%%%%%%%%%%%%%%%%%%%%%%%%%%%%%%%%%%%%%%
% MastersThesis - praca magisterska (uwaga: masters a nie master)
% Wymagane pola: author, title, school, year.
% Opcjonalne pola: type, address, month, note.
@mastersthesis{poirier2020,
    author  = {Izabela Poirier},
    title   = {Wykorzystanie technologii Blockchain w komunikacji urządzeń Internetu Rzeczy},
    school  = {Politechnika Warszawska, Wydział Elektryczny, Instytut Elektrotechniki Teoretycznej i Systemów Informacyjno-Pomiarowych},
    year    = {2020},
}

%%%%%%%%%%%%%%%%%%%%%%%%%%%%%%%%%%%%%%%%%%%%%%%%%%%%%%%%%%%%%%%%%%%%%%%%%
% phdthesis - praca doktorska
% Wymagane pola: author, title, school, year.
% Opcjonalne pola: type, address, month, note.
@phdthesis{truong2018,
    author  = {Nguyen Binh Truong},
    title   = {Evaluation of trust in the Internet of Things : models, mechanisms and applications},
    school  = {Liverpool John Moores University},
    year    = {2018},
    note    = {doi: \href{http://doi.org/10.24377/researchonline.ljmu.ac.uk.00009241}{10.24377/researchonline.ljmu.ac.uk.00009241}}
}

%%%%%%%%%%%%%%%%%%%%%%%%%%%%%%%%%%%%%%%%%%%%%%%%%%%%%%%%%%%%%%%%%%%%%%%%%
% Dokumenty techniczne
%%%%%%%%%%%%%%%%%%%%%%%%%%%%%%%%%%%%%%%%%%%%%%%%%%%%%%%%%%%%%%%%%%%%%%%%%
% manual - instrukcja obługi, specyfikacja techniczna, nota katalogowa (datasheet)
% Wymagane pola: title.
% Opcjonalne pola: author, organization, address, edition, month, year, note.
@manual{AN4230,
    title           = {STM32 microcontroller random number generation validation using the NIST statistical test suite},
    organization    = {STMicroelectronics},
    year            = {2020},
    month           = {8},
    note            = {AN4230},
}

%%%%%%%%%%%%%%%%%%%%%%%%%%%%%%%%%%%%%%%%%%%%%%%%%%%%%%%%%%%%%%%%%%%%%%%%%
% techreport - raport techniczny
% Wymagane pola: author, title, institution, year.
% Opcjonalne pola: type, number, address, month, note.
@techreport{nask2020,
    author      = {{Zespół CERT Polska}},   % Nietypowy autor - dodatkowe nawiasy powodują, że nie zostanie uznany za imię i nazwisko co byłoby komiczne (Polska Z. C.)
    title       = {Krajobraz bezpieczeństwa polskiego Internetu w 2019 roku},
    institution = {NASK -- Państwowy Instytut Badawczy},
    year        = {2020},
}

%%%%%%%%%%%%%%%%%%%%%%%%%%%%%%%%%%%%%%%%%%%%%%%%%%%%%%%%%%%%%%%%%%%%%%%%%
% Dokumenty nietypowe
%%%%%%%%%%%%%%%%%%%%%%%%%%%%%%%%%%%%%%%%%%%%%%%%%%%%%%%%%%%%%%%%%%%%%%%%%
% unpublished - dokument mający autora i tytuł ale nie opublikowany typowymi metodami
% Wymagane pola: author, title, note.
% Opcjonalne pola: month, year.
@unpublished{wilamowski2017,
  author    = {Maciej Wilamowski},
  title     = {,,Daj, ać ja pobruczę, a ty poczywaj''. Pierwsze zdanie po polsku w historii},
  note    = {\href{https://twojahistoria.pl/2017/11/21/daj-ac-ja-pobrucze-a-ty-poczywaj-co-powinienes-wiedziec-o-pierwszym-zdaniu-zapisanym-w-jezyku-polskim/}{<https://twojahistoria.pl/2017/11/21/daj-ac-ja-pobrucze-a-ty-poczywaj-co-powinienes-wiedziec-o-pierwszym-zdaniu-zapisanym-w-jezyku-polskim/>} dostęp uzyskano 2020-12-03},
}

%%%%%%%%%%%%%%%%%%%%%%%%%%%%%%%%%%%%%%%%%%%%%%%%%%%%%%%%%%%%%%%%%%%%%%%%%
% misc - jeśli wszystkie inne kategorie nie pasują; przynajmniej jedno z pól opcjonalnych musi być użyte
% Wymagane pola: brak
% Opcjonalne pola: author, title, howpublished, month, year, note.
@misc{szablon,
    author  = {Łukasz Makowski},
    title   = {Szablon prac dyplomowych dla Wydziału Elektrycznego Politechniki Warszawskiej},
    howpublished    = {\href{https://github.com/SP5LMA/EE-Dyplom}{<https://github.com/SP5LMA/EE-Dyplom>}},
}

